@article{silver2016masteringA,
  title={Mastering the game of Go with deep neural networks and tree search},
  author={Silver, David and Huang, Aja and Maddison, Chris J and Guez, Arthur and Sifre, Laurent and Van Den Driessche, George and Schrittwieser, Julian and Antonoglou, Ioannis and Panneershelvam, Veda and Lanctot, Marc and others},
  journal={nature},
  volume={529},
  number={7587},
  pages={484},
  year={2016},
  publisher={Nature Publishing Group}
}

@article{silver2017masteringB,
  title={Mastering the game of Go without human knowledge},
  author={Silver, David and Schrittwieser, Julian and Simonyan, Karen and Antonoglou, Ioannis and Huang, Aja and Guez, Arthur and Hubert, Thomas and Baker, Lucas and Lai, Matthew and Bolton, Adrian and others},
  journal={Nature},
  volume={550},
  number={7676},
  pages={354},
  year={2017},
  publisher={Nature Publishing Group}
}

@article{moravvcik2017deepstack,
  title={Deepstack: Expert-level artificial intelligence in heads-up no-limit poker},
  author={Morav{\v{c}}{\'\i}k, Matej and Schmid, Martin and Burch, Neil and Lis{\`y}, Viliam and Morrill, Dustin and Bard, Nolan and Davis, Trevor and Waugh, Kevin and Johanson, Michael and Bowling, Michael},
  journal={Science},
  volume={356},
  number={6337},
  pages={508--513},
  year={2017},
  publisher={American Association for the Advancement of Science}
}

@article{mnih2015human,
  title={Human-level control through deep reinforcement learning},
  author={Mnih, Volodymyr and Kavukcuoglu, Koray and Silver, David and Rusu, Andrei A and Veness, Joel and Bellemare, Marc G and Graves, Alex and Riedmiller, Martin and Fidjeland, Andreas K and Ostrovski, Georg and others},
  journal={Nature},
  volume={518},
  number={7540},
  pages={529},
  year={2015},
  publisher={Nature Publishing Group}
}

@article{lillicrap2015continuous,
  title={Continuous control with deep reinforcement learning},
  author={Lillicrap, Timothy P and Hunt, Jonathan J and Pritzel, Alexander and Heess, Nicolas and Erez, Tom and Tassa, Yuval and Silver, David and Wierstra, Daan},
  journal={arXiv preprint arXiv:1509.02971},
  year={2015}
}

@article{levine2016end,
  title={End-to-end training of deep visuomotor policies},
  author={Levine, Sergey and Finn, Chelsea and Darrell, Trevor and Abbeel, Pieter},
  journal={The Journal of Machine Learning Research},
  volume={17},
  number={1},
  pages={1334--1373},
  year={2016},
  publisher={JMLR. org}
}

@article{bubeck2012regret,
  title={Regret analysis of stochastic and nonstochastic multi-armed bandit problems},
  author={Bubeck, S{\'e}bastien and Cesa-Bianchi, Nicolo and others},
  journal={Foundations and Trends{\textregistered} in Machine Learning},
  volume={5},
  number={1},
  pages={1--122},
  year={2012},
  publisher={Now Publishers, Inc.}
}

@book{sutton2018reinforcement,
  title={Reinforcement learning: An introduction},
  author={Sutton, Richard S and Barto, Andrew G},
  year={2018}
}

@inproceedings{sutton2009fast,
  title={Fast gradient-descent methods for temporal-difference learning with linear function approximation},
  author={Sutton, Richard S and Maei, Hamid Reza and Precup, Doina and Bhatnagar, Shalabh and Silver, David and Szepesv{\'a}ri, Csaba and Wiewiora, Eric},
  booktitle={Proceedings of the 26th Annual International Conference on Machine Learning},
  pages={993--1000},
  year={2009},
  organization={ACM}
}

@inproceedings{sutton2009convergent,
  title={A Convergent $ O (n) $ Temporal-difference Algorithm for Off-policy Learning with Linear Function Approximation},
  author={Sutton, Richard S and Maei, Hamid R and Szepesv{\'a}ri, Csaba},
  booktitle={Advances in neural information processing systems},
  pages={1609--1616},
  year={2009}
}

@inproceedings{bhatnagar2009convergent,
  title={Convergent temporal-difference learning with arbitrary smooth function approximation},
  author={Bhatnagar, Shalabh and Precup, Doina and Silver, David and Sutton, Richard S and Maei, Hamid R and Szepesv{\'a}ri, Csaba},
  booktitle={Advances in Neural Information Processing Systems},
  pages={1204--1212},
  year={2009}
}

@book{goodfellow2016deep,
  title={Deep learning},
  author={Goodfellow, Ian and Bengio, Yoshua and Courville, Aaron and Bengio, Yoshua},
  volume={1},
  year={2016},
  publisher={MIT press Cambridge}
}

@inproceedings{mnih2016asynchronous,
  title={Asynchronous methods for deep reinforcement learning},
  author={Mnih, Volodymyr and Badia, Adria Puigdomenech and Mirza, Mehdi and Graves, Alex and Lillicrap, Timothy and Harley, Tim and Silver, David and Kavukcuoglu, Koray},
  booktitle={International conference on machine learning},
  pages={1928--1937},
  year={2016}
}

@inproceedings{nachum2017bridging,
  title={Bridging the gap between value and policy based reinforcement learning},
  author={Nachum, Ofir and Norouzi, Mohammad and Xu, Kelvin and Schuurmans, Dale},
  booktitle={Advances in Neural Information Processing Systems},
  pages={2775--2785},
  year={2017}
}

@inproceedings{li2018learning,
  title={Learning overparameterized neural networks via stochastic gradient descent on structured data},
  author={Li, Yuanzhi and Liang, Yingyu},
  booktitle={Advances in Neural Information Processing Systems},
  pages={8168--8177},
  year={2018}
}

@article{du2018gradientA,
  title={Gradient descent provably optimizes over-parameterized neural networks},
  author={Du, Simon S and Zhai, Xiyu and Poczos, Barnabas and Singh, Aarti},
  journal={arXiv preprint arXiv:1810.02054},
  year={2018}
}

@article{du2018gradientB,
  title={Gradient descent finds global minima of deep neural networks},
  author={Du, Simon S and Lee, Jason D and Li, Haochuan and Wang, Liwei and Zhai, Xiyu},
  journal={arXiv preprint arXiv:1811.03804},
  year={2018}
}

@article{allen2018convergenceA,
  title={On the convergence rate of training recurrent neural networks},
  author={Allen-Zhu, Zeyuan and Li, Yuanzhi and Song, Zhao},
  journal={arXiv preprint arXiv:1810.12065},
  year={2018}
}

@article{allen2018convergenceB,
  title={A convergence theory for deep learning via over-parameterization},
  author={Allen-Zhu, Zeyuan and Li, Yuanzhi and Song, Zhao},
  journal={arXiv preprint arXiv:1811.03962},
  year={2018}
}

@article{hoffer2018fix,
  title={Fix your classifier: the marginal value of training the last weight layer},
  author={Hoffer, Elad and Hubara, Itay and Soudry, Daniel},
  journal={arXiv preprint arXiv:1801.04540},
  year={2018}
}