@article{silver2016masteringA,
  title={Mastering the game of Go with deep neural networks and tree search},
  author={Silver, David and Huang, Aja and Maddison, Chris J and Guez, Arthur and Sifre, Laurent and Van Den Driessche, George and Schrittwieser, Julian and Antonoglou, Ioannis and Panneershelvam, Veda and Lanctot, Marc and others},
  journal={nature},
  volume={529},
  number={7587},
  pages={484},
  year={2016},
  publisher={Nature Publishing Group}
}

@article{silver2017masteringB,
  title={Mastering the game of Go without human knowledge},
  author={Silver, David and Schrittwieser, Julian and Simonyan, Karen and Antonoglou, Ioannis and Huang, Aja and Guez, Arthur and Hubert, Thomas and Baker, Lucas and Lai, Matthew and Bolton, Adrian and others},
  journal={Nature},
  volume={550},
  number={7676},
  pages={354},
  year={2017},
  publisher={Nature Publishing Group}
}

@article{moravvcik2017deepstack,
  title={Deepstack: Expert-level artificial intelligence in heads-up no-limit poker},
  author={Morav{\v{c}}{\'\i}k, Matej and Schmid, Martin and Burch, Neil and Lis{\`y}, Viliam and Morrill, Dustin and Bard, Nolan and Davis, Trevor and Waugh, Kevin and Johanson, Michael and Bowling, Michael},
  journal={Science},
  volume={356},
  number={6337},
  pages={508--513},
  year={2017},
  publisher={American Association for the Advancement of Science}
}

@article{mnih2015human,
  title={Human-level control through deep reinforcement learning},
  author={Mnih, Volodymyr and Kavukcuoglu, Koray and Silver, David and Rusu, Andrei A and Veness, Joel and Bellemare, Marc G and Graves, Alex and Riedmiller, Martin and Fidjeland, Andreas K and Ostrovski, Georg and others},
  journal={Nature},
  volume={518},
  number={7540},
  pages={529},
  year={2015},
  publisher={Nature Publishing Group}
}

@article{lillicrap2015continuous,
  title={Continuous control with deep reinforcement learning},
  author={Lillicrap, Timothy P and Hunt, Jonathan J and Pritzel, Alexander and Heess, Nicolas and Erez, Tom and Tassa, Yuval and Silver, David and Wierstra, Daan},
  journal={arXiv preprint arXiv:1509.02971},
  year={2015}
}

@article{levine2016end,
  title={End-to-end training of deep visuomotor policies},
  author={Levine, Sergey and Finn, Chelsea and Darrell, Trevor and Abbeel, Pieter},
  journal={The Journal of Machine Learning Research},
  volume={17},
  number={1},
  pages={1334--1373},
  year={2016},
  publisher={JMLR. org}
}

@article{bubeck2012regret,
  title={Regret analysis of stochastic and nonstochastic multi-armed bandit problems},
  author={Bubeck, S{\'e}bastien and Cesa-Bianchi, Nicolo and others},
  journal={Foundations and Trends{\textregistered} in Machine Learning},
  volume={5},
  number={1},
  pages={1--122},
  year={2012},
  publisher={Now Publishers, Inc.}
}

@book{sutton2018reinforcement,
  title={Reinforcement learning: An introduction},
  author={Sutton, Richard S and Barto, Andrew G},
  year={2018},
  publisher={Cambridge, MA: MIT Press}
}

@inproceedings{sutton2009fast,
  title={Fast gradient-descent methods for temporal-difference learning with linear function approximation},
  author={Sutton, Richard S and Maei, Hamid Reza and Precup, Doina and Bhatnagar, Shalabh and Silver, David and Szepesv{\'a}ri, Csaba and Wiewiora, Eric},
  booktitle={Proceedings of the 26th Annual International Conference on Machine Learning},
  pages={993--1000},
  year={2009},
  organization={ACM}
}

@inproceedings{sutton2009convergent,
  title={A Convergent $ O (n) $ Temporal-difference Algorithm for Off-policy Learning with Linear Function Approximation},
  author={Sutton, Richard S and Maei, Hamid R and Szepesv{\'a}ri, Csaba},
  booktitle={Advances in neural information processing systems},
  pages={1609--1616},
  year={2009}
}

@inproceedings{bhatnagar2009convergent,
  title={Convergent temporal-difference learning with arbitrary smooth function approximation},
  author={Bhatnagar, Shalabh and Precup, Doina and Silver, David and Sutton, Richard S and Maei, Hamid R and Szepesv{\'a}ri, Csaba},
  booktitle={Advances in Neural Information Processing Systems},
  pages={1204--1212},
  year={2009}
}

@book{goodfellow2016deep,
  title={Deep learning},
  author={Goodfellow, Ian and Bengio, Yoshua and Courville, Aaron and Bengio, Yoshua},
  volume={1},
  year={2016},
  publisher={MIT press Cambridge}
}

@article{zhang2016understanding,
  title={Understanding deep learning requires rethinking generalization},
  author={Zhang, Chiyuan and Bengio, Samy and Hardt, Moritz and Recht, Benjamin and Vinyals, Oriol},
  journal={arXiv preprint arXiv:1611.03530},
  year={2016}
}

@article{cybenko1989approximation,
  title={Approximation by superpositions of a sigmoidal function},
  author={Cybenko, George},
  journal={Mathematics of control, signals and systems},
  volume={2},
  number={4},
  pages={303--314},
  year={1989},
  publisher={Springer}
}

@inproceedings{raghu2017expressive,
  title={On the expressive power of deep neural networks},
  author={Raghu, Maithra and Poole, Ben and Kleinberg, Jon and Ganguli, Surya and Dickstein, Jascha Sohl},
  booktitle={Proceedings of the 34th International Conference on Machine Learning-Volume 70},
  pages={2847--2854},
  year={2017},
  organization={JMLR. org}
}

@inproceedings{kawaguchi2016deep,
  title={Deep learning without poor local minima},
  author={Kawaguchi, Kenji},
  booktitle={Advances in Neural Information Processing Systems},
  pages={586--594},
  year={2016}
}

@inproceedings{li2017convergence,
  title={Convergence analysis of two-layer neural networks with relu activation},
  author={Li, Yuanzhi and Yuan, Yang},
  booktitle={Advances in Neural Information Processing Systems},
  pages={597--607},
  year={2017}
}

@inproceedings{mnih2016asynchronous,
  title={Asynchronous methods for deep reinforcement learning},
  author={Mnih, Volodymyr and Badia, Adria Puigdomenech and Mirza, Mehdi and Graves, Alex and Lillicrap, Timothy and Harley, Tim and Silver, David and Kavukcuoglu, Koray},
  booktitle={International conference on machine learning},
  pages={1928--1937},
  year={2016}
}

@inproceedings{nachum2017bridging,
  title={Bridging the gap between value and policy based reinforcement learning},
  author={Nachum, Ofir and Norouzi, Mohammad and Xu, Kelvin and Schuurmans, Dale},
  booktitle={Advances in Neural Information Processing Systems},
  pages={2775--2785},
  year={2017}
}

@inproceedings{peters2010relative,
  title={Relative Entropy Policy Search.},
  author={Peters, Jan and M{\"u}lling, Katharina and Altun, Yasemin},
  booktitle={AAAI},
  pages={1607--1612},
  year={2010},
  organization={Atlanta}
}

@inproceedings{li2018learning,
  title={Learning overparameterized neural networks via stochastic gradient descent on structured data},
  author={Li, Yuanzhi and Liang, Yingyu},
  booktitle={Advances in Neural Information Processing Systems},
  pages={8168--8177},
  year={2018}
}

@article{du2018gradientA,
  title={Gradient descent finds global minima of deep neural networks},
  author={Du, Simon S and Lee, Jason D and Li, Haochuan and Wang, Liwei and Zhai, Xiyu},
  journal={arXiv preprint arXiv:1811.03804},
  year={2018}
}

@article{du2018gradientB,
  title={Gradient descent provably optimizes over-parameterized neural networks},
  author={Du, Simon S and Zhai, Xiyu and Poczos, Barnabas and Singh, Aarti},
  journal={arXiv preprint arXiv:1810.02054},
  year={2018}
}

@article{allen2018convergenceA,
  title={On the convergence rate of training recurrent neural networks},
  author={Allen-Zhu, Zeyuan and Li, Yuanzhi and Song, Zhao},
  journal={arXiv preprint arXiv:1810.12065},
  year={2018}
}

@article{allen2018convergenceB,
  title={A convergence theory for deep learning via over-parameterization},
  author={Allen-Zhu, Zeyuan and Li, Yuanzhi and Song, Zhao},
  journal={arXiv preprint arXiv:1811.03962},
  year={2018}
}

@article{allen2018learning,
  title={Learning and generalization in overparameterized neural networks, going beyond two layers},
  author={Allen-Zhu, Zeyuan and Li, Yuanzhi and Liang, Yingyu},
  journal={arXiv preprint arXiv:1811.04918},
  year={2018}
}

@inproceedings{neyshabur2017exploring,
  title={Exploring generalization in deep learning},
  author={Neyshabur, Behnam and Bhojanapalli, Srinadh and McAllester, David and Srebro, Nati},
  booktitle={Advances in Neural Information Processing Systems},
  pages={5947--5956},
  year={2017}
}

@article{hoffer2018fix,
  title={Fix your classifier: the marginal value of training the last weight layer},
  author={Hoffer, Elad and Hubara, Itay and Soudry, Daniel},
  journal={arXiv preprint arXiv:1801.04540},
  year={2018}
}

@inproceedings{jin2018q,
  title={Is q-learning provably efficient?},
  author={Jin, Chi and Allen-Zhu, Zeyuan and Bubeck, Sebastien and Jordan, Michael I},
  booktitle={Advances in Neural Information Processing Systems},
  pages={4868--4878},
  year={2018}
}

@inproceedings{seldin2014one,
  title={One Practical Algorithm for Both Stochastic and Adversarial Bandits},
  author={Seldin, Yevgeny and Slivkins, Aleksandrs},
  booktitle={International Conference on Machine Learning},
  pages={1287--1295},
  year={2014}
}

@article{auer2002finite,
  title={Finite-time analysis of the multiarmed bandit problem},
  author={Auer, Peter and Cesa-Bianchi, Nicolo and Fischer, Paul},
  journal={Machine learning},
  volume={47},
  number={2-3},
  pages={235--256},
  year={2002},
  publisher={Springer}
}

@inproceedings{agrawal2012analysis,
  title={Analysis of thompson sampling for the multi-armed bandit problem},
  author={Agrawal, Shipra and Goyal, Navin},
  booktitle={Conference on Learning Theory},
  pages={39--1},
  year={2012}
}

@article{liu2018deeptracker,
  title={Deeptracker: Visualizing the training process of convolutional neural networks},
  author={Liu, Dongyu and Cui, Weiwei and Jin, Kai and Guo, Yuxiao and Qu, Huamin},
  journal={ACM Transactions on Intelligent Systems and Technology (TIST)},
  volume={10},
  number={1},
  pages={6},
  year={2018},
  publisher={ACM}
}

@inproceedings{krishnamurthy2016pac,
  title={PAC reinforcement learning with rich observations},
  author={Krishnamurthy, Akshay and Agarwal, Alekh and Langford, John},
  booktitle={Advances in Neural Information Processing Systems},
  pages={1840--1848},
  year={2016}
}

@inproceedings{dai2018sbeed,
  title={SBEED: Convergent Reinforcement Learning with Nonlinear Function Approximation},
  author={Dai, Bo and Shaw, Albert and Li, Lihong and Xiao, Lin and He, Niao and Liu, Zhen and Chen, Jianshu and Song, Le},
  booktitle={International Conference on Machine Learning},
  pages={1133--1142},
  year={2018}
}

@inproceedings{seldin2017improved,
  title={An Improved Parametrization and Analysis of the EXP3++ Algorithm for Stochastic and Adversarial Bandits},
  author={Seldin, Yevgeny and Lugosi, G{\'a}bor},
  booktitle={Conference on Learning Theory},
  pages={1743--1759},
  year={2017}
}

@book{wainwright2019high,
  title={High-dimensional statistics: A non-asymptotic viewpoint},
  author={Wainwright, Martin J},
  volume={48},
  year={2019},
  publisher={Cambridge University Press}
}